@misc{vfm,
  author =	 "{\relax CALIPSO Science Team}",
  year =	 2016,
  title =	 {CALIPSO/CALIOP Level 2, Vertical Feature Mask Data,
                  version 4.10},
  doi =		 "10.5067/CALIOP/CALIPSO/LID_L2_VFM-Standard-V4-10",
}

@article{bony04,
  author =	 {Bony, S. and J.-L. Dufresne and H. {Le Treut} and
                  J.-J. Morcrette and C. Senior},
  year =	 2004,
  title =	 {On dynamic and thermodynamic components of cloud changes},
  journal =	 {Clim.  Dyn.},
  volume =	 22,
  pages =	 {71-86},
  doi =		 "10.1007/s00382-003-0369-6",
}
